@misc{klambauer2017selfnormalizing,
      title={Self-Normalizing Neural Networks}, 
      author={GÃ¼nter Klambauer and Thomas Unterthiner and Andreas Mayr and Sepp Hochreiter},
      year={2017},
      eprint={1706.02515},
      archivePrefix={arXiv},
      primaryClass={cs.LG}
}
